<?xml version="1.0" encoding="UTF-8"?><Document xmlns="urn:iso:std:iso:20022:tech:xsd:pain.008.001.02"><CstmrDrctDbtInitn><GrpHdr><MsgId>PRE2026021107011900000PREVENCION</MsgId><CreDtTm>2026-02-11T07:01:19</CreDtTm><NbOfTxs>7</NbOfTxs><CtrlSum>2501.71</CtrlSum><InitgPty><Nm>MEDITRAUMA, SL</Nm><Id><OrgId><Othr><Id>ES46000B58482415</Id></Othr></OrgId></Id></InitgPty></GrpHdr><PmtInf><PmtInfId>ES46000B58482415-20260211070119</PmtInfId><PmtMtd>DD</PmtMtd><BtchBookg>true</BtchBookg><NbOfTxs>7</NbOfTxs><CtrlSum>2501.71</CtrlSum><PmtTpInf><SvcLvl><Cd>SEPA</Cd></SvcLvl><LclInstrm><Cd>CORE</Cd></LclInstrm><SeqTp>RCUR</SeqTp></PmtTpInf><ReqdColltnDt>2026-02-11</ReqdColltnDt><Cdtr><Nm>MEDITRAUMA, SL</Nm><PstlAdr><Ctry>ES</Ctry><AdrLine>C/. MIGUEL BIADA, 119</AdrLine><AdrLine>08302 MATARO (BARCELONA)</AdrLine></PstlAdr></Cdtr><CdtrAcct><Id><IBAN>ES5601828669120208003587</IBAN></Id><Ccy>EUR</Ccy></CdtrAcct><CdtrAgt><FinInstnId><BIC>BBVAESMMXXX</BIC></FinInstnId></CdtrAgt><ChrgBr>SLEV</ChrgBr><CdtrSchmeId><Id><PrvtId><Othr><Id>ES46000B58482415</Id><SchmeNm><Prtry>SEPA</Prtry></SchmeNm></Othr></PrvtId></Id></CdtrSchmeId><DrctDbtTxInf><PmtId><InstrId>RCB20260211070119-32101</InstrId><EndToEndId>RCB2026021107011932101</EndToEndId></PmtId><InstdAmt Ccy="EUR">113.2</InstdAmt><DrctDbtTx><MndtRltdInf><MndtId>MDT000038915-01/01 01</MndtId><DtOfSgntr>2020-05-24</DtOfSgntr><AmdmntInd>false</AmdmntInd></MndtRltdInf></DrctDbtTx><DbtrAgt><FinInstnId><BIC>BSABESBBXXX</BIC></FinInstnId></DbtrAgt><Dbtr><Nm>MARIO ROLDAN MORCILLO</Nm><PstlAdr><Ctry>ES</Ctry><AdrLine>C/. MAJOR, 7 1º</AdrLine><AdrLine>08317 ÒRRIUS</AdrLine></PstlAdr></Dbtr><DbtrAcct><Id><IBAN>ES6100810454410001283639</IBAN></Id></DbtrAcct><RmtInf><Ustrd>Recibo 4 de la factura A02007/25</Ustrd></RmtInf></DrctDbtTxInf><DrctDbtTxInf><PmtId><InstrId>RCB20260211070119-34343</InstrId><EndToEndId>RCB2026021107011934343</EndToEndId></PmtId><InstdAmt Ccy="EUR">395.86</InstdAmt><DrctDbtTx><MndtRltdInf><MndtId>MDT37415-01/01 01</MndtId><DtOfSgntr>2025-01-04</DtOfSgntr><AmdmntInd>false</AmdmntInd></MndtRltdInf></DrctDbtTx><DbtrAgt><FinInstnId><BIC>BSCHESMMXXX</BIC></FinInstnId></DbtrAgt><Dbtr><Nm>NOVA PINMAT, SA</Nm><PstlAdr><Ctry>ES</Ctry><AdrLine>C/GENERAL TORRIJOS, 5-29</AdrLine><AdrLine>08302 MATARO</AdrLine></PstlAdr></Dbtr><DbtrAcct><Id><IBAN>ES0800495009052616109102</IBAN></Id></DbtrAcct><RmtInf><Ustrd>Recibo 3 de la factura A04632/25</Ustrd></RmtInf></DrctDbtTxInf><DrctDbtTxInf><PmtId><InstrId>RCB20260211070120-34238</InstrId><EndToEndId>RCB2026021107012034238</EndToEndId></PmtId><InstdAmt Ccy="EUR">426.91</InstdAmt><DrctDbtTx><MndtRltdInf><MndtId>MDT000038365-01/01 01</MndtId><DtOfSgntr>2018-11-19</DtOfSgntr><AmdmntInd>false</AmdmntInd></MndtRltdInf></DrctDbtTx><DbtrAgt><FinInstnId><BIC>BSCHESMMXXX</BIC></FinInstnId></DbtrAgt><Dbtr><Nm>RECICLATGES NUALART, SL</Nm><PstlAdr><Ctry>ES</Ctry><AdrLine>C/. EDISON, 16</AdrLine><AdrLine>08397 PINEDA DE MAR</AdrLine></PstlAdr></Dbtr><DbtrAcct><Id><IBAN>ES8600490183692710803783</IBAN></Id></DbtrAcct><RmtInf><Ustrd>Recibo 2 de la factura A04649/25</Ustrd></RmtInf></DrctDbtTxInf><DrctDbtTxInf><PmtId><InstrId>RCB20260211070120-34293</InstrId><EndToEndId>RCB2026021107012034293</EndToEndId></PmtId><InstdAmt Ccy="EUR">936.1</InstdAmt><DrctDbtTx><MndtRltdInf><MndtId>MDT30613-01/01 01</MndtId><DtOfSgntr>2018-01-10</DtOfSgntr><AmdmntInd>false</AmdmntInd></MndtRltdInf></DrctDbtTx><DbtrAgt><FinInstnId><BIC>BBVAESMMXXX</BIC></FinInstnId></DbtrAgt><Dbtr><Nm>MAQUINARIA VIÑAS S.L</Nm><PstlAdr><Ctry>ES</Ctry><AdrLine>RDA NARCIS MONTURIOL Nª 46</AdrLine><AdrLine>08349 CABRERA DE MAR</AdrLine></PstlAdr></Dbtr><DbtrAcct><Id><IBAN>ES7701825412970200082570</IBAN></Id></DbtrAcct><RmtInf><Ustrd>Recibo 2 de la factura A04710/25</Ustrd></RmtInf></DrctDbtTxInf><DrctDbtTxInf><PmtId><InstrId>RCB20260211070120-31413</InstrId><EndToEndId>RCB2026021107012031413</EndToEndId></PmtId><InstdAmt Ccy="EUR">96.09</InstdAmt><DrctDbtTx><MndtRltdInf><MndtId>MDT34270-01/01 01</MndtId><DtOfSgntr>2021-10-01</DtOfSgntr><AmdmntInd>false</AmdmntInd></MndtRltdInf></DrctDbtTx><DbtrAgt><FinInstnId><BIC>CAIXESBBXXX</BIC></FinInstnId></DbtrAgt><Dbtr><Nm>HOTEL MONTECARLO, SL</Nm><PstlAdr><Ctry>ES</Ctry><AdrLine>AVENIDA PLATJA, 2</AdrLine><AdrLine>17480 ROSES</AdrLine></PstlAdr></Dbtr><DbtrAcct><Id><IBAN>ES3821003149502200064706</IBAN></Id></DbtrAcct><RmtInf><Ustrd>Recibo 11 de la factura A01158/25</Ustrd></RmtInf></DrctDbtTxInf><DrctDbtTxInf><PmtId><InstrId>RCB20260211070120-31856</InstrId><EndToEndId>RCB2026021107012031856</EndToEndId></PmtId><InstdAmt Ccy="EUR">48.42</InstdAmt><DrctDbtTx><MndtRltdInf><MndtId>MDT35458-01/01 01</MndtId><DtOfSgntr>2018-01-10</DtOfSgntr><AmdmntInd>false</AmdmntInd></MndtRltdInf></DrctDbtTx><DbtrAgt><FinInstnId><BIC>CCRIES2AXXX</BIC></FinInstnId></DbtrAgt><Dbtr><Nm>MARIA TERESA LLAURADO RODES</Nm><PstlAdr><Ctry>ES</Ctry><AdrLine>MERCABARNA PABELLON B 2048</AdrLine><AdrLine>08040 MERCABARNA</AdrLine></PstlAdr></Dbtr><DbtrAcct><Id><IBAN>ES1730584001611011800819</IBAN></Id></DbtrAcct><RmtInf><Ustrd>Recibo 4 de la factura A01675/25</Ustrd></RmtInf></DrctDbtTxInf><DrctDbtTxInf><PmtId><InstrId>RCB20260211070120-32930</InstrId><EndToEndId>RCB2026021107012032930</EndToEndId></PmtId><InstdAmt Ccy="EUR">485.13</InstdAmt><DrctDbtTx><MndtRltdInf><MndtId>MDT39290-01/01 01</MndtId><DtOfSgntr>2021-07-11</DtOfSgntr><AmdmntInd>false</AmdmntInd></MndtRltdInf></DrctDbtTx><DbtrAgt><FinInstnId><BIC>CAIXESBBXXX</BIC></FinInstnId></DbtrAgt><Dbtr><Nm>CUIDA M MES CARDEDEU, SL</Nm><PstlAdr><Ctry>ES</Ctry><AdrLine>AV. REI EN JAUME, 148 L1</AdrLine><AdrLine>08440 CARDEDEU</AdrLine></PstlAdr></Dbtr><DbtrAcct><Id><IBAN>ES4821000125710200586760</IBAN></Id></DbtrAcct><RmtInf><Ustrd>Recibo 3 de la factura A02976/25</Ustrd></RmtInf></DrctDbtTxInf></PmtInf></CstmrDrctDbtInitn></Document>