<?xml version="1.0" encoding="UTF-8"?><Document xmlns="urn:iso:std:iso:20022:tech:xsd:pain.008.001.02"><CstmrDrctDbtInitn><GrpHdr><MsgId>PRE2026030216104700000PREVENCION</MsgId><CreDtTm>2026-03-02T16:10:47</CreDtTm><NbOfTxs>1</NbOfTxs><CtrlSum>12.10</CtrlSum><InitgPty><Nm>MEDITRAUMA, SL</Nm><Id><OrgId><Othr><Id>ES46000B58482415</Id></Othr></OrgId></Id></InitgPty></GrpHdr><PmtInf><PmtInfId>ES46000B58482415-20260302161047</PmtInfId><PmtMtd>DD</PmtMtd><BtchBookg>true</BtchBookg><NbOfTxs>1</NbOfTxs><CtrlSum>12.10</CtrlSum><PmtTpInf><SvcLvl><Cd>SEPA</Cd></SvcLvl><LclInstrm><Cd>CORE</Cd></LclInstrm><SeqTp>RCUR</SeqTp></PmtTpInf><ReqdColltnDt>2026-03-02</ReqdColltnDt><Cdtr><Nm>MEDITRAUMA, SL</Nm><PstlAdr><Ctry>ES</Ctry><AdrLine>C/. MIGUEL BIADA, 119</AdrLine><AdrLine>08302 MATARO (BARCELONA)</AdrLine></PstlAdr></Cdtr><CdtrAcct><Id><IBAN>ES5601828669120208003587</IBAN></Id><Ccy>EUR</Ccy></CdtrAcct><CdtrAgt><FinInstnId><BIC>BBVAESMMXXX</BIC></FinInstnId></CdtrAgt><ChrgBr>SLEV</ChrgBr><CdtrSchmeId><Id><PrvtId><Othr><Id>ES46000B58482415</Id><SchmeNm><Prtry>SEPA</Prtry></SchmeNm></Othr></PrvtId></Id></CdtrSchmeId><DrctDbtTxInf><PmtId><InstrId>RCB20260302161047-34414</InstrId><EndToEndId>RCB2026030216104734414</EndToEndId></PmtId><InstdAmt Ccy="EUR">12.1</InstdAmt><DrctDbtTx><MndtRltdInf><MndtId>MDT39910-01/01 01</MndtId><DtOfSgntr>2024-03-21</DtOfSgntr><AmdmntInd>false</AmdmntInd></MndtRltdInf></DrctDbtTx><DbtrAgt><FinInstnId><BIC>BBVAESMMXXX</BIC></FinInstnId></DbtrAgt><Dbtr><Nm>SARPAD MEDARIT, SL</Nm><PstlAdr><Ctry>ES</Ctry><AdrLine>C/. ESCORIAL, 1</AdrLine><AdrLine>08036 BARCELONA</AdrLine></PstlAdr></Dbtr><DbtrAcct><Id><IBAN>ES2301823992100201802664</IBAN></Id></DbtrAcct><RmtInf><Ustrd>Recibo 1 de la factura A00229/26</Ustrd></RmtInf></DrctDbtTxInf></PmtInf></CstmrDrctDbtInitn></Document>